%% This BibTeX bibliography file was created using BibDesk.
%% http://bibdesk.sourceforge.net/


%% Created for Lauro Cesar Araujo at 2015-04-27 19:43:45 -0300 


%% Saved with string encoding Unicode (UTF-8) 

@book{rocha99,
	title={{Arquitetura WEB}},
	author={Helder L. S. da Rocha},
	year={1999},
	publisher={EP:SF-Rio/D99}
}

@misc{mozilla2018,
	title={Web Docs - JavaScript},
	url={https://developer.mozilla.org/pt-BR/docs/Web/JavaScript},
	organization={MDN},
	urlaccessdate={31 jul 2018},
	year={2018}
}

@misc{devsaran2018,
	title={From History of Web Application Development},
	url={https://www.devsaran.com/blog/history-web-application-development},
	organization={Devsaran},
	year={2016},
	urlaccessdate={31 jul 2018},
}

@misc{canaltechFlash2018,
	title={O que é o Adobe Flash?},
	url={https://canaltech.com.br/software/O-que-e-o-Adobe-Flash/},
	howpublished={CanalTech},
	author={Pedro Cipoli},
	urlaccessdate={31 jul 2018},
	year={2018}
}

@misc{canaltechFlashFim2018,
	title={Adobe anuncia o fim do Flash para 2020},
	url={https://canaltech.com.br/software/adobe-anuncia-o-fim-do-flash-para-2020-97778/},
	howpublished={CanalTech},
	organization={CanalTech},
	urlaccessdate={31 jul 2018},
	year={2017}
}

@misc{fasthosts2018,
	title={A look back at HTML5},
	url={https://www.fasthosts.co.uk/blog/websites/look-back-html5},
	howpublished={FastHosts},
	author={Neal Thoms},
	urlacessdate={05 ago 2018},
	year={2017}
}

@misc{mozillaHTML2018,
	title={HTML5},
	url={https://developer.mozilla.org/pt-BR/docs/Web/HTML/HTML5},
	organization={MDN},
	urlacessdate={05 ago 2018},
	year={2018}
}

@misc{devmediaAsync2018,
	title={Ajax com jQuery: Trabalhando com requisições assíncronas},
	url={https://www.devmedia.com.br/ajax-com-jquery-trabalhando-com-requisicoes-assincronas/37141},
	author={Rodrigo Marques},
	urlacessdate={05 ago 2018},
	year={2016}
}

@misc{devmediaCSS2018,
	title={A origem do CSS, um pouco da história.},
	url={https://www.devmedia.com.br/a-origem-do-css-um-pouco-da-historia/15195},
	author={Altieri Pereira},
	urlacessdate={05 ago 2018},
	year={2009}
}

@misc{devmediaMultiCamada2018,
	title={Introdução ao Modelo Multicamadas},
	url={https://www.devmedia.com.br/introducao-ao-modelo-multicamadas/5541},
	author={Jones Granatyr},
	urlacessdate={05 ago 2018},
	year={2007}
}

@misc{devmediaMultiCamadaP12018,
	title={Aplicações corporativas multicamadas - Partes 1 e 2},
	url={https://www.devmedia.com.br/aplicacoes-corporativas-multicamadas-partes-1-e-2/26545},
	author={Claudio Martins},
	urlacessdate={05 ago 2018},
	year={2012}
}

@misc{diegomacedoArqApp,
	title={Arquitetura de aplicações},
	url={https://www.diegomacedo.com.br/arquitetura-de-aplicacoes-em-2-3-4-ou-n-camadas/},
	author={Diego Macedo},
	urlacessdate={05 ago 2018},
	year={2012}
}

@misc{monoVsMicro2017,
	title={Microserviços: dos grandes monólitos às pequenas rotas},
	url={https://medium.com/trainingcenter/microserviços-dos-grandes-monólitos-às-pequenas-rotas-adb70303b6a3},
	author={Lucas Santos},
	urlacessdate={09 ago 2018},
	year={2017}
}

@misc{microservices2014,
	title={Microservices},
	url={https://martinfowler.com/articles/microservices.html},
	author={Martin Fowler},
	urlacessdate={13 ago 2018},
	year={2014}
}

@misc{pwa,
	title={PWA: Definição},
	url={https://codelabs.developers.google.com/codelabs/your-first-pwapp},
	organization={Google Developers},
	urlacessdate={04 mai 2019},
	year={2019}
}

@misc{servicework,
	title={Service Workers},
	url={https://developers.google.com/web/fundamentals/primers/service-workers/},
	organization={Googe Developers},
	urlacessdate={04 mai 2019},
	year={2019}
}

@misc{manifest,
	title={Manifesto},
	url={https://developers.google.com/web/fundamentals/web-app-manifest},
	organization={Google Developers},
	urlacessdate={04 mai 2019},
	year={2019}
}

@misc{manifestfile,
	title={Arquivo de Manifesto},
	url={https://developer.mozilla.org/pt-BR/docs/Web/Manifest},
	organization={MDN},
	urlacessdate={04 mai 2019},
	year={2019}
}

@misc{pwaxnative,
	title={PWA x Native},
	url={https://www.codica.com/blog/progressive-web-apps-vs-native/},
	organization={Codica},
	urlacessdate={04 mai 2019},
	year={2019}
}

@misc{pwaios,
	title={PWA IOS},
	url={https://medium.com/@firt/progressive-web-apps-on-ios-are-here-d00430dee3a7},
	author={Maximiliano Firtman},
	urlacessdate={04 mai 2019},
	year={2018}
}

@misc{pwabenefits,
	title={PWA Benefits},
	url={https://www.codica.com/blog/what-are-pwas-and-their-benefits/},
	organization={Codica},
	urlacessdate={04 mai 2019},
	year={2019}
}

@misc{pwaxnative2,
	title={PWA x Native 2},
	url={https://medium.freecodecamp.org/progressive-web-apps-bridging-the-gap-between-web-and-mobile-apps-a08c76e3e768},
	author={Ajay NS},
	urlacessdate={04 mai 2019},
	year={2018}
}

@misc{pwa2,
	title={PWA Overview},
	url={https://willianjusten.com.br/como-fazer-seu-site-funcionar-offline-com-pwa/},
	author={Willian Justen},
	urlacessdate={04 mai 2019},
	year={2018}
}

@misc{pwaHomeScreen,
	title={PWA Add Home Screen},
	url={http://www.jomendez.com/2018/06/05/add-home-screen-pwas/},
	author={Jomendez},
	urlacessdate={04 mai 2019},
	year={2018}
}

@misc{native,
	title={Aplicação Nativa},
	url={https://www.clustox.com/blog/native-app-vs-pwa-comparative-study},
	organization={Clustox},
	urlacessdate={07 mai 2019},
	year={2018}
}

@book{goossens94,
	title={{The LATEX companion}},
	author={Goossens, M. and Mittelbach, F. and Samarin, A.},
	year={1994},
	publisher={Addison-Wesley}
}

@book{lamport94,
	title={{La T E X: A Document Preparation System}},
	author={Lamport, L. and others},
	year={1994},
	publisher={Addison-Wesley, Reading, Massachusetts,}
}

@inbook{exemplo,
	address={S\~a Paulo},
	booktitle={Entendendo o meio ambiente},
	organization={São Paulo {(Estado). Secretaria do Meio Ambiente}},
	title={Tratados e organizações ambientais em matéria de meio
	ambiente},
	url={http://www.bdt.org.br/sma/entendendo/atual.htm},
	urlaccessdate={8 mar. 1999},
	volume={1},
	year={1999}}


@book{ibge1993,
	Address = {Rio de Janeiro},
	Author = {IBGE},
	Date-Added = {2013-08-21 13:56:10 +0000},
	Date-Modified = {2013-08-21 13:56:10 +0000},
	Edition = {3},
	Organization = {http://biblioteca.ibge.gov.br/visualizacao/livros/liv23907.pdf},
	Publisher = {Centro de Documenta{\c c}{\~a}o e Dissemina{\c c}{\~a}o de Informa{\c c}{\~o}es. Funda{\c c}{\~a}o Intituto Brasileiro de Geografia e Estat{\'\i}stica},
	Title = {Normas de apresenta{\c c}{\~a}o tabular},
	Urlaccessdate = {21 ago 2013},
	Year = {1993}}

@misc{abntex2-wiki-como-customizar,
	Author = {Lauro C{\'e}sar Araujo},
	Date-Added = {2013-03-23 21:39:21 +0000},
	Date-Modified = {2015-04-27 22:43:06 +0000},
	Howpublished = {Wiki do abnTeX2},
	Keywords = {wiki},
	Title = {Como customizar o abnTeX2},
	Url = {https://github.com/abntex/abntex2/wiki/ComoCustomizar},
	Urlaccessdate = {27 abr 2015},
	Year = {2015},
	Bdsk-Url-1 = {https://github.com/abntex/abntex2/wiki/ComoCustomizar}}

@manual{talbot2012,
	Author = {Nicola L.C. Talbot},
	Date-Added = {2013-03-11 12:06:04 +0000},
	Date-Modified = {2013-03-11 12:06:56 +0000},
	Month = {Nov.},
	Title = {User Manual for glossaries.sty},
	Url = {http://mirrors.ctan.org/macros/latex/contrib/glossaries/glossaries-user.pdf},
	Urlaccessdate = {11 mar. 2013},
	Year = {2012},
	Bdsk-Url-1 = {http://mirrors.ctan.org/macros/latex/contrib/glossaries/glossaries-user.pdf}}

@manual{babel,
	Author = {Johannes Braams},
	Date-Added = {2013-02-17 13:37:14 +0000},
	Date-Modified = {2013-02-17 13:38:38 +0000},
	Month = {Apr.},
	Title = {Babel, a multilingual package for use with LATEX's standard document classes},
	Url = {http://mirrors.ctan.org/info/babel/babel.pdf},
	Urlaccessdate = {17 fev. 2013},
	Year = {2008},
	Bdsk-Url-1 = {http://mirrors.ctan.org/info/babel/babel.pdf}}

@manual{abntex2modelo-artigo,
	Annote = {Este documento {\'e} derivado do \cite{abnt-bibtex-doc}},
	Author = {Lauro C{\'e}sar Araujo},
	Date-Added = {2013-01-15 00:10:35 +0000},
	Date-Modified = {2015-04-27 22:43:13 +0000},
	Organization = {Equipe abnTeX2},
	Title = {Modelo Can{\^o}nico de Artigo Cient{\'\i}fico com abnTeX2},
	Url = {http://www.abntex.net.br/},
	Year = {2015},
	Bdsk-Url-1 = {http://www.abntex.net.br/}}

@manual{abntex2modelo-relatorio,
	Annote = {Este documento {\'e} derivado do \cite{abnt-bibtex-doc}},
	Author = {Lauro C{\'e}sar Araujo},
	Date-Added = {2013-01-15 00:05:34 +0000},
	Date-Modified = {2015-04-27 22:43:18 +0000},
	Organization = {Equipe abnTeX2},
	Title = {Modelo Can{\^o}nico de Relat{\'o}rio T{\'e}cnico e/ou Cient{\'\i}fico com abnTeX2},
	Url = {http://www.abntex.net.br/},
	Year = {2015},
	Bdsk-Url-1 = {http://www.abntex.net.br/}}

@manual{abntex2modelo,
	Annote = {Este documento {\'e} derivado do \cite{abnt-bibtex-doc}},
	Author = {Lauro C{\'e}sar Araujo},
	Date-Added = {2013-01-12 22:55:32 +0000},
	Date-Modified = {2015-04-27 22:43:32 +0000},
	Organization = {Equipe abnTeX2},
	Title = {Modelo Can{\^o}nico de Trabalho Acad{\^e}mico com abnTeX2},
	Url = {http://www.abntex.net.br/},
	Year = {2015},
	Bdsk-Url-1 = {http://www.abntex.net.br/}}

@mastersthesis{araujo2012,
	Address = {Bras{\'\i}lia},
	Author = {Lauro C{\'e}sar Araujo},
	Date-Added = {2013-01-09 11:04:42 +0000},
	Date-Modified = {2013-01-09 11:04:42 +0000},
	Month = {mar.},
	School = {Universidade de Bras{\'\i}lia},
	Subtitle = {uma perspectiva de {A}rquitetura da {I}nforma{\c c}{\~a}o da {E}scola de {B}ras{\'\i}lia},
	Title = {Configura{\c c}{\~a}o},
	Year = {2012}}

@manual{memoir,
	Address = {Normandy Park, WA},
	Author = {Peter Wilson and Lars Madsen},
	Date-Added = {2013-01-09 10:37:50 +0000},
	Date-Modified = {2013-03-21 13:23:25 +0000},
	Organization = {The Herries Press},
	Title = {The Memoir Class for Configurable Typesetting - User Guide},
	Url = {http://mirrors.ctan.org/macros/latex/contrib/memoir/memman.pdf},
	Urlaccessdate = {19 dez. 2012},
	Year = {2010},
	Bdsk-Url-1 = {http://ctan.tche.br/macros/latex/contrib/memoir/memman.pdf}}

@manual{abntex2cite-alf,
	Annote = {Este documento {\'e} derivado do \cite{abnt-bibtex-alf-doc}},
	Author = {Lauro C{\'e}sar Araujo},
	Date-Added = {2013-01-09 10:37:45 +0000},
	Date-Modified = {2015-04-27 22:43:44 +0000},
	Organization = {Equipe abnTeX2},
	Title = {O pacote abntex2cite: t{\'o}picos espec{\'\i}ficos da ABNT NBR 10520:2002 e o estilo bibliogr{\'a}fico alfab{\'e}tico (sistema autor-data)},
	Url = {http://www.abntex.net.br/},
	Year = {2015},
	Bdsk-Url-1 = {http://www.abntex.net.br/}}

@manual{abntex2cite,
	Annote = {Este documento {\'e} derivado do \cite{abnt-bibtex-doc}},
	Author = {Lauro C{\'e}sar Araujo},
	Date-Added = {2013-01-09 10:37:45 +0000},
	Date-Modified = {2015-04-27 22:43:38 +0000},
	Organization = {Equipe abnTeX2},
	Title = {O pacote abntex2cite: Estilos bibliogr{\'a}ficos compat{\'\i}veis com a ABNT NBR 6023},
	Url = {http://www.abntex.net.br/},
	Year = {2015},
	Bdsk-Url-1 = {http://www.abntex.net.br/}}

@manual{abntex2classe,
	Author = {Lauro C{\'e}sar Araujo},
	Date-Added = {2013-01-09 10:37:38 +0000},
	Date-Modified = {2015-04-27 22:42:47 +0000},
	Organization = {Equipe abnTeX2},
	Title = {A classe abntex2: Modelo can{\^o}nico de trabalhos acad{\^e}micos brasileiros compat{\'\i}vel com as normas ABNT NBR 14724:2011, ABNT NBR 6024:2012 e outras},
	Url = {http://www.abntex.net.br/},
	Year = {2015},
	Bdsk-Url-1 = {http://www.abntex.net.br/}}

@manual{NBR10520:2002,
	Address = {Rio de Janeiro},
	Date-Added = {2012-12-15 21:43:38 +0000},
	Date-Modified = {2013-01-12 22:17:20 +0000},
	Month = {ago.},
	Org-Short = {ABNT},
	Organization = {Associa{\c c}\~ao Brasileira de Normas T\'ecnicas},
	Pages = 7,
	Subtitle = {Informa{\c c}\~ao e documenta{\c c}\~ao --- Apresenta{\c c}\~ao de cita{\c c}\~oes em documentos},
	Title = {{NBR} 10520},
	Year = 2002}

@manual{NBR6024:2012,
	Address = {Rio de Janeiro},
	Date-Added = {2012-12-15 21:24:06 +0000},
	Date-Modified = {2012-12-15 21:24:28 +0000},
	Month = {fev.},
	Org-Short = {ABNT},
	Organization = {Associa{\c c}\~ao Brasileira de Normas T\'ecnicas},
	Pages = 4,
	Subtitle = {Numera{\c c}\~ao progressiva das se{\c c}\~oes de um documento},
	Title = {{NBR} 6024},
	Year = 2012}

@manual{NBR6028:2003,
	Address = {Rio de Janeiro},
	Date-Added = {2012-12-15 21:02:12 +0000},
	Date-Modified = {2012-12-15 21:02:50 +0000},
	Month = {nov.},
	Org-Short = {ABNT},
	Organization = {Associa{\c c}\~ao Brasileira de Normas T\'ecnicas},
	Pages = 2,
	Subtitle = {Resumo - Apresenta{\c c}{\~a}o},
	Title = {{NBR} 6028},
	Year = 2003}

@manual{NBR14724:2001,
	Address = {Rio de Janeiro},
	Date-Added = {2012-12-15 20:34:08 +0000},
	Date-Modified = {2012-12-15 20:34:08 +0000},
	Month = {jul.},
	Org-Short = {ABNT},
	Organization = {Associa{\c c}\~ao Brasileira de Normas T\'ecnicas},
	Pages = 6,
	Subtitle = {Informa{\c c}\~ao e documenta{\c c}\~ao --- trabalhos acad\^emicos --- apresenta{\c c}\~ao},
	Title = {{NBR} 14724},
	Year = 2001}

@manual{NBR14724:2002,
	Address = {Rio de Janeiro},
	Date-Added = {2012-12-15 20:34:17 +0000},
	Date-Modified = {2012-12-15 20:34:17 +0000},
	Month = {ago.},
	Org-Short = {ABNT},
	Organization = {Associa{\c c}\~ao Brasileira de Normas T\'ecnicas},
	Pages = 6,
	Subtitle = {Informa{\c c}\~ao e documenta{\c c}\~ao --- trabalhos acad\^emicos --- apresenta{\c c}\~ao},
	Title = {{NBR} 14724},
	Year = 2002}

@manual{NBR14724:2005,
	Address = {Rio de Janeiro},
	Date-Added = {2012-12-15 20:34:08 +0000},
	Date-Modified = {2012-12-15 20:35:25 +0000},
	Month = {dez.},
	Org-Short = {ABNT},
	Organization = {Associa{\c c}\~ao Brasileira de Normas T\'ecnicas},
	Pages = 9,
	Subtitle = {Informa{\c c}\~ao e documenta{\c c}\~ao --- trabalhos acad\^emicos --- apresenta{\c c}\~ao},
	Title = {{NBR} 14724},
	Year = 2005}

@manual{NBR14724:2011,
	Address = {Rio de Janeiro},
	Date-Added = {2012-12-15 20:34:08 +0000},
	Date-Modified = {2012-12-15 20:35:25 +0000},
	Month = {mar.},
	Note = {Substitui a Ref.~\citeonline{NBR14724:2005}},
	Org-Short = {ABNT},
	Organization = {Associa{\c c}\~ao Brasileira de Normas T\'ecnicas},
	Pages = 15,
	Subtitle = {Informa{\c c}\~ao e documenta{\c c}\~ao --- trabalhos acad\^emicos --- apresenta{\c c}\~ao},
	Title = {{NBR} 14724},
	Year = 2011}

@article{van86,
	Author = {{van}, Gigch, John P. and Leo L. Pipino},
	Journal = {Future Computing Systems},
	Number = {1},
	Pages = {71-97},
	Title = {In search for a paradigm for the discipline of information systems},
	Volume = {1},
	Year = {1986}}

@phdthesis{guizzardi2005,
	Address = {Enschede, The Netherlands},
	Author = {Giancarlo Guizzardi},
	Date-Added = {2012-04-23 11:35:28 +0000},
	Date-Modified = {2012-04-23 11:35:28 +0000},
	School = {Centre for Telematics and Information Technology, University of Twente},
	Title = {Ontological Foundations for Structural Conceptual Models},
	Url = {http://www.loa.istc.cnr.it/Guizzardi/SELMAS-CR.pdf},
	Urlaccessdate = {3 jul. 2011},
	Year = {2005},
	Bdsk-Url-1 = {http://www.loa.istc.cnr.it/Guizzardi/SELMAS-CR.pdf}}

@mastersthesis{macedo2005,
	Author = {Fl{\'a}via L. Macedo},
	Date-Added = {2012-04-23 11:35:13 +0000},
	Date-Modified = {2012-04-23 11:35:13 +0000},
	Keywords = {arquitetura da informa{\c c}{\~a}o},
	School = {Universidade de Bras{\'\i}lia},
	Title = {Arquitetura da Informa{\c c}{\~a}o: aspectos espistemol{\'o}gicos, cient{\'\i}ficos e pr{\'a}ticos.},
	Type = {Disserta{\c c}{\~a}o de Mestrado},
	Year = {2005}}

@manual{EIA649B,
	Address = {EUA},
	Date-Added = {2012-04-23 11:34:59 +0000},
	Date-Modified = {2012-04-23 11:34:59 +0000},
	Keywords = {norma},
	Month = {June},
	Organization = {TechAmerica},
	Title = {ANSI/EIA 649-B: Configuration Management Standard},
	Year = {2011}}

@inproceedings{masolo2010,
	Author = {Claudio Masolo},
	Booktitle = {Proceedings of the Twelfth International Conference on the Principles of Knowledge Representation and Reasoning (KR 2010)},
	Date-Added = {2012-04-23 11:34:38 +0000},
	Date-Modified = {2012-04-23 11:34:38 +0000},
	Editor = {Lin, F. and Sattler, U.},
	Pages = {258-268},
	Publisher = {AAAI Press},
	Title = {Understanding Ontological Levels},
	Url = {http://wiki.loa-cnr.it/Papers/kr10v0.7.pdf},
	Urlaccessdate = {2 jan. 2012},
	Year = {2010},
	Bdsk-Url-1 = {http://wiki.loa-cnr.it/Papers/kr10v0.7.pdf}}

@inbook{guarino1995,
	Address = {Vienna},
	Author = {Nicola Guarino},
	Booktitle = {Philosophy and the Cognitive Science},
	Date-Added = {2012-04-23 11:34:29 +0000},
	Date-Modified = {2012-04-23 11:34:29 +0000},
	Editor = {R. Casati and B. Smith and G. White},
	Month = {Sept.},
	Pages = {443-456},
	Publisher = {Holder-Pivhler-Tempsky},
	Title = {The Ontological Level},
	Url = {http://wiki.loa-cnr.it/Papers/OntLev.pdf},
	Urlaccessdate = {2 jan. 2012},
	Year = {1995},
	Bdsk-Url-1 = {http://wiki.loa-cnr.it/Papers/OntLev.pdf}}

@incollection{bates2010,
	Address = {New York},
	Author = {Marcia J. Bates},
	Booktitle = {Encyclopedia of Library and Information Sciences},
	Date-Added = {2012-04-23 11:34:29 +0000},
	Date-Modified = {2012-04-23 11:34:29 +0000},
	Edition = {3rd},
	Editor = {Marcia J. Bates and Mary Niles Maack},
	Pages = {2347-2360},
	Publisher = {CRC Press},
	Title = {Information},
	Url = {http://pages.gseis.ucla.edu/faculty/bates/articles/information.html},
	Urlaccessdate = {24 out. 2011},
	Volume = {3},
	Year = {2010},
	Bdsk-Url-1 = {http://pages.gseis.ucla.edu/faculty/bates/articles/information.html}}

@book{doxiadis1965,
	Author = {Constantinos A. Doxiadis},
	Date-Added = {2012-04-23 11:34:20 +0000},
	Date-Modified = {2012-04-23 11:34:20 +0000},
	Publisher = {Ceira - Coimbra},
	Title = {Arquitetura em Transi{\c c}{\~a}o},
	Year = {1965}}

@book{dewey1980,
	Address = {New York, NY, USA},
	Author = {John Dewey},
	Date-Added = {2012-04-23 11:34:16 +0000},
	Date-Modified = {2012-04-23 11:34:16 +0000},
	Publisher = {Perigee Books},
	Title = {Art as Experience},
	Year = {1980}}
